@inproceedings{hosseini2016adaptive,
  title={Adaptive 360 VR video streaming: Divide and conquer},
  author={Hosseini, Mohammad and Swaminathan, Viswanathan},
  booktitle={2016 IEEE International Symposium on Multimedia (ISM)},
  pages={107--110},
  year={2016},
  organization={IEEE}
}

@book{conn2017,
  author    = {Conn, David},
  title     = {The Fall of the House of FIFA},
  publisher = {Random House},
  year      = {2017}
}

@techreport{premierleague2023,
  author      = {{Premier League}},
  title       = {Premier League Handbook 2023/24},
  institution = {Premier League},
  year        = {2023}
}

@article{buraimo2015,
  author  = {Buraimo, Babatunde and Simmons, Rob},
  title   = {Uncertainty of outcome or star quality? Television audience demand for {English Premier League} football},
  journal = {International Journal of the Economics of Business},
  volume  = {22},
  number  = {3},
  pages   = {449--469},
  year    = {2015}
}

@article{evens2022,
  author  = {Evens, Tom and Iosifidis, Petros and Smith, Paul},
  title   = {The political economy of television sports rights: History, power and culture},
  journal = {International Journal of Sport Policy and Politics},
  volume  = {14},
  number  = {1},
  pages   = {13--30},
  year    = {2022}
}

@book{szymanski2005,
  author    = {Szymanski, Stefan and Zimbalist, Andrew},
  title     = {National Pastime: How Americans Play Baseball and the Rest of the World Plays Soccer},
  publisher = {Brookings Institution Press},
  year      = {2005}
}

@techreport{fpl2023,
  author      = {{Fantasy Premier League}},
  title       = {Official Fantasy Premier League Participation Statistics},
  institution = {Premier League},
  year        = {2023}
}

@article{bonomo2014,
  author  = {Bonomo, Flavia and Dur{\'a}n, Guillermo and Marenco, Javier},
  title   = {Mathematical programming as a tool for virtual soccer coaches: {A} case study of a fantasy sport game},
  journal = {International Transactions in Operational Research},
  volume  = {21},
  number  = {3},
  pages   = {399--414},
  year    = {2014}
}

@online{fpl2024rules,
  author  = {{Fantasy Premier League}},
  title   = {Rules},
  year    = {2024},
  url     = {https://fantasy.premierleague.com/help/rules},
  urldate = {2024-04-01}
}

@book{hughes2005,
  author    = {Hughes, Mike and Franks, Ian},
  title     = {Analysis of Sport: The Key Concepts},
  publisher = {Routledge},
  year      = {2005}
}

@inproceedings{decroos2019,
  author    = {Decroos, Tom and Bransen, Lotte and Van Haaren, Jan and Davis, Jesse},
  title     = {Actions speak louder than goals: {Valuing} player actions in soccer},
  booktitle = {Proceedings of the 25th ACM SIGKDD International Conference on Knowledge Discovery \& Data Mining},
  pages     = {1851--1861},
  year      = {2019},
  month     = {July}
}

@article{fernandez2021,
  author  = {Fern{\'a}ndez, Javier and Bornn, Luke and Cervone, Dan},
  title   = {A framework for the fine-grained evaluation of the instantaneous expected value of soccer possessions},
  journal = {Machine Learning},
  volume  = {110},
  number  = {6},
  pages   = {1389--1427},
  year    = {2021}
}

@inproceedings{tran2022,
  author    = {Tran, Quyen and Lee, Seongsoo},
  title     = {Predicting fantasy premier league price changes using machine learning},
  booktitle = {2022 International Conference on Information Networking (ICOIN)},
  pages     = {622--627},
  year      = {2022},
  publisher = {IEEE}
}

@article{constantinou2017,
  author  = {Constantinou, Anthony C. and Fenton, Norman E.},
  title   = {Towards smart-data: {Improving} predictive accuracy in long-term football team performance},
  journal = {Knowledge-Based Systems},
  volume  = {124},
  pages   = {93--104},
  year    = {2017}
}

@inproceedings{matthews2012,
  author    = {Matthews, Terence and Ramchurn, Sarvapali D. and Chalkiadakis, Georgios},
  title     = {Competing with humans at fantasy football: {Team} formation in large partially-observable domains},
  booktitle = {Proceedings of the AAAI Conference on Artificial Intelligence},
  volume    = {26},
  number    = {1},
  year      = {2012},
  month     = {June}
}

@inproceedings{bialkowski2014,
  author    = {Bialkowski, Alina and Lucey, Patrick and Carr, Peter and Yue, Yisong and Sridharan, Sridha and Matthews, Iain},
  title     = {Large-scale analysis of soccer matches using spatiotemporal tracking data},
  booktitle = {2014 IEEE International Conference on Data Mining},
  pages     = {725--730},
  year      = {2014},
  month     = {November},
  publisher = {IEEE}
}

@article{bryson2013,
  author  = {Bryson, Alex and Frick, Bernd and Simmons, Rob},
  title   = {The returns to scarce talent: {Footedness} and player remuneration in {European} soccer},
  journal = {Journal of Sports Economics},
  volume  = {14},
  number  = {6},
  pages   = {606--628},
  year    = {2013}
}

@article{matthews2013,
  author  = {Matthews, Terence},
  title   = {Improving fantasy football draft strategies using multiobjective optimization techniques},
  journal = {Journal of Quantitative Analysis in Sports},
  volume  = {9},
  number  = {2},
  pages   = {121--140},
  year    = {2013}
}

@article{constantinou2019,
  author  = {Constantinou, Anthony C.},
  title   = {Dolores: {A} model that predicts football match outcomes from all over the world},
  journal = {Machine Learning},
  volume  = {108},
  number  = {1},
  pages   = {49--75},
  year    = {2019}
}

@book{sutton2018,
  author    = {Sutton, Richard S. and Barto, Andrew G.},
  title     = {Reinforcement Learning: An Introduction},
  publisher = {MIT Press},
  year      = {2018},
  edition   = {2}
}

@article{butler2021,
  author  = {Butler, David and Butler, Robert and Eakins, John},
  title   = {Expert performance and crowd wisdom: {Evidence} from fantasy premier league},
  journal = {International Journal of Financial Studies},
  volume  = {9},
  number  = {1},
  pages   = {5},
  year    = {2021}
}

@article{silver2017,
  author  = {Silver, David and Schrittwieser, Julian and Simonyan, Karen and Antonoglou, Ioannis and Huang, Aja and Guez, Arthur and Hubert, Thomas and Baker, Lucas and Lai, Matthew and Bolton, Adrian and Chen, Yutian and Lillicrap, Timothy and Hui, Fan and Sifre, Laurent and van den Driessche, George and Graepel, Thore and Hassabis, Demis},
  title   = {Mastering the game of go without human knowledge},
  journal = {Nature},
  volume  = {550},
  number  = {7676},
  pages   = {354--359},
  year    = {2017}
}

@article{matthews2019,
  author  = {Matthews, Terence and Ramchurn, Sarvapali D.},
  title   = {Competing with humans at fantasy football: {Team} formation in large partially-observable domains},
  journal = {Journal of Autonomous Agents and Multi-Agent Systems},
  volume  = {33},
  number  = {2},
  pages   = {130--171},
  year    = {2019}
}

@article{dixon1997,
  author  = {Dixon, Mark J. and Coles, Stuart G.},
  title   = {Modelling association football scores and inefficiencies in the football betting market},
  journal = {Journal of the Royal Statistical Society: Series C (Applied Statistics)},
  volume  = {46},
  number  = {2},
  pages   = {265--280},
  year    = {1997}
}

@article{pantuso2017,
  author  = {Pantuso, Giovanni},
  title   = {The football team composition problem: {A} stochastic programming approach},
  journal = {Journal of Quantitative Analysis in Sports},
  volume  = {13},
  number  = {3},
  pages   = {113--129},
  year    = {2017}
}

@article{rotshtein2005,
  author  = {Rotshtein, Alexander P. and Posner, Morton and Rakityanskaya, Anna B.},
  title   = {Football predictions based on a fuzzy model with genetic and neural tuning},
  journal = {Cybernetics and Systems Analysis},
  volume  = {41},
  number  = {4},
  pages   = {619--630},
  year    = {2005}
}

@inproceedings{guo2017,
  author    = {Guo, Chuan and Pleiss, Geoff and Sun, Yu and Weinberger, Kilian Q.},
  title     = {On calibration of modern neural networks},
  booktitle = {International Conference on Machine Learning},
  pages     = {1321--1330},
  year      = {2017},
  publisher = {PMLR},
  month     = {July}
}

@article{baboota2019,
  author  = {Baboota, Rahul and Kaur, Harleen},
  title   = {Predictive analysis and modelling football results using machine learning approach for {English Premier League}},
  journal = {International Journal of Forecasting},
  volume  = {35},
  number  = {2},
  pages   = {741--755},
  year    = {2019}
}

@inproceedings{hubacek2019,
  author    = {Hub{\'a}{\v{c}}ek, Ond{\v{r}}ej and {\v{S}}ourek, Gustav and {\v{Z}}elezn{\'{y}}, Filip},
  title     = {Deep learning from label proportions for sequential data},
  booktitle = {Joint European Conference on Machine Learning and Knowledge Discovery in Databases},
  pages     = {39--55},
  year      = {2019},
  publisher = {Springer},
  address   = {Cham},
  month     = {May}
}

@inproceedings{rahimian2021,
  author    = {Rahimian, Mohammad Amin and Sha, Mo and Hwang, Tae-Hoon and Williams, Julian},
  title     = {Minimizing maximal regret in commitment games},
  booktitle = {AAAI Conference on Artificial Intelligence},
  volume    = {35},
  number    = {6},
  pages     = {5493--5500},
  year      = {2021}
}

@article{pappalardo2019,
  author  = {Pappalardo, Luca and Cintia, Paolo and Rossi, Alessio and Massucco, Emanuele and Ferragina, Paolo and Pedreschi, Dino and Giannotti, Fosca},
  title   = {A public data set of spatio-temporal match events in soccer competitions},
  journal = {Scientific Data},
  volume  = {6},
  number  = {1},
  pages   = {1--15},
  year    = {2019}
}

@inproceedings{decroos2020,
  author    = {Decroos, Tom and Davis, Jesse},
  title     = {Player vectors: {Characterizing} soccer players' playing style from match event streams},
  booktitle = {Machine Learning and Knowledge Discovery in Databases: European Conference, ECML PKDD 2019},
  pages     = {569--584},
  year      = {2020},
  publisher = {Springer International Publishing}
}

@misc{sheehan2018,
  author = {David Sheehan},
  howpublished = {\url{https://dashee87.github.io/football/python/predicting-football-results-with-statistical-modelling-dixon-coles-and-time-weighting/}},
  title = {Predicting Football Results With Statistical Modelling: Dixon-Coles and Time-Weighting},
  year = {2018}
}

@misc{anand2016fantasypremierleague,
  title = {{FPL Historical Dataset}},
  author = {Anand, Vaastav},
  year = {2022},
  howpublished = {Retrieved August 2022 from \url{https://github.com/vaastav/Fantasy-Premier-League/}}
}

@misc{macLeod2019,
  author = {MacLeod, David and MacDonald, Hayden},
  howpublished = {https://fpl.readthedocs.io/en/latest/index.html},
  title = {A Python wrapper for the Fantasy Premier League API},
  year = {2019}
}